@article{Kung1988,
author = {Kung, Joseph T. and Lee, Hae Seung and Howe, Roger T.},
doi = {10.1109/4.348},
issn = {1558173X},
journal = {IEEE Journal of Solid-State Circuits},
number = {4},
pages = {972--977},
title = {{A Digital Readout Technique for Capacitive Sensor Applications}},
volume = {23},
year = {1988}
}
@ARTICLE{4314753,
  author={McCreary, James L. and Sealer, David A.},
  journal={IEEE Transactions on Instrumentation and Measurement}, 
  title={Precision Capacitor Ratio Measurement Technique for Integrated Circuit Capacitor Arrays}, 
  year={1979},
  volume={28},
  number={1},
  pages={11-17},
  doi={10.1109/TIM.1979.4314753}}